@misc{ziyin2020neuralnetworksfaillearn,
    title={Neural Networks Fail to Learn Periodic Functions and How to Fix It}, 
    author={Liu, Ziyin and Hartwig, Tilman and Ueda, Masahito},
    year={2020},
    eprint={2006.08195},
    archivePrefix={arXiv},
    primaryClass={cs.LG},
    url={https://arxiv.org/abs/2006.08195}, 
}

@misc{hendrycks2016gaussianerrorlinearunits,
    title={Gaussian Error Linear Units (GELUs)}, 
    author={Hendrycks, Dan and Gimpel, Kevin},
    year={2016},
    eprint={1606.08415},
    archivePrefix={arXiv},
    primaryClass={cs.LG},
    url={https://arxiv.org/abs/1606.08415}, 
}

@misc{hintonetalrmsprop,
  author={Hinton, Geoffrey and Srivastava, Nitish and Swersky, Kevin},
  title={Overview of mini-batch gradient descent},
  url={https://www.cs.toronto.edu/~tijmen/csc321/slides/lecture_slides_lec6.pdf},
  note={Accessed: 2025-08-01}
}

@misc{kingma2017adammethodstochasticoptimization,
      title={Adam: A Method for Stochastic Optimization}, 
      author={Diederik P. Kingma and Jimmy Ba},
      year={2017},
      eprint={1412.6980},
      archivePrefix={arXiv},
      primaryClass={cs.LG},
      url={https://arxiv.org/abs/1412.6980}, 
}